@techreport{rfc5050,
   AUTHOR = "K. Scott and S. Burleigh",
   TITLE = "{Bundle Protocol Specification}",
   HOWPUBLISHED = {Internet Requests for Comments},
   TYPE="{RFC}",
   NUMBER=5050,
   PAGES = {1-49},
   YEAR = {2007},
   MONTH = {November},
   ISSN = {2070-1721},
   PUBLISHER = "{RFC Editor}",
   INSTITUTION = "{RFC Editor}",
   URL={https://www.rfc-editor.org/rfc/rfc5050.html}
}

@techreport{rfc6258,
   AUTHOR = "S. Symington",
   TITLE = "{Delay-Tolerant Networking Metadata Extension Block}",
   TYPE="{RFC}",
   NUMBER=6248,
   YEAR = {2011},
   MONTH = {May},
   ISSN = {2070-1721},
   PUBLISHER = "{IETF RFC 6258 (Experimental)}",
   URL={https://tools.ietf.org/html/rfc6258}
}

@article{lepton18,
    author  = "Adrián Sánchez-Carmona, Frédéric Guidec, Pascale Launay, Yves Mahéo, Sergi Robles",
    title   = "{Filling in themissing link between simulation and application in opportunistic networking}",
    year    = "2018",
    journal = "Journal of Systems and Software",
    volume  = "142",
    pages   = "57--72"
}

@article{ibrdtn,
    AUTHOR = "Sebastian Schildt, Johannes Morgenroth, Wolf-Bastian Pottner,Lars Wolf",
    title = "{IBR-DTN: A lightweight, modular and highly portable Bundle Protocol implementation}",
    year = "2011",
    journal = "Electronic Communications of the EASST",
    volume = "37"
}

@misc{casa,
    AUTHOR = "Team CASA",
    title = "{LEPTON: a Lightweight Emulation PlaTform for Opportunistic Networking}",
    note = "https://casa-irisa.univ-ubs.fr/lepton/index.html"
}
